@book{freedman2007statistics,
  title={Statistics},
  author={Freedman, David and Pisani, Robert and Purves, Roger},
  year={2007},
  publisher={WW Norton \& Company}
}

@article{glasser1976zscore,
  title={On the use of Z-scores in the interpretation of standardized test results},
  author={Glasser, Warren G.},
  journal={Journal of Educational Measurement},
  volume={13},
  number={4},
  pages={313-320},
  year={1976},
  publisher={Wiley}
}

@article{prophet2017,
	author={Taylor SJ, Letham B.},
	url = {https://doi.org/10.7287/peerj.preprints.3190v2},
	journal={},
	title={Forecasting at scale},
	year={2017}
}

@article{hyndman2012,
  author = {Shu Fan, Robin John Hyndman},
  journal = {IEEE Transactions on Power Systems},
  number = {1},
  title = {Short-term load forecasting based on a semi-parametric additive model},
  volume = {27},
  year = {2012}
}
